%% This BibTeX bibliography file was created using BibDesk.
%% http://bibdesk.sourceforge.net/


%% Created for Joaquin Bejar Garcia at 2016-11-01 22:59:27 +0100 


%% Saved with string encoding Unicode (UTF-8) 


@booklet{C1,
	Address = {Dept. of Statistics Stanford University Stanford USA},
	Howpublished = {Springer, New York, NY},
	Keywords = {The Elements of Statistical Learning},
	Author = {Trevor Hastie, Robert Tibshirani, Jerome Friedman},
	Note = {DOI 10.1007/978-0-387-84858-7},
	Title = {The Elements of Statistical Learning: Data Mining, Inference, and Prediction},
	Year = {2009}}

@booklet{C2,
	Address = {SNTL Leicester England},
	Howpublished = {Springer London},
	Keywords = {Missing Data},
	Author = {Nicholas T. Longford},
	Note = {DOI	10.1007/1-84628-195-4},
	Title = {Missing Data and Small-Area Estimation: Modern Analytical Equipment for the Survey Statistician, 61},
	Year = {2005}}


